{
  "leader": "02002cam a22004091i 4500",
  "fields": [
    {
      "001": "ocm00693520\\"
    },
    {
      "003": "OCoLC"
    },
    {
      "005": "20220627081502.0"
    },
    {
      "008": "730727s1972\\\\\\\\nyua\\\\\\\\\\bs\\\\\\000\\0\\eng\\\\"
    },
    {
      "010": {
        "ind1": "\\",
        "ind2": "\\",
        "subfields": [
          {
            "a": "   72188708 "
          }
        ]
      }
    },
    {
      "040": {
        "ind1": "\\",
        "ind2": "\\",
        "subfields": [
          {
            "a": "DLC"
          },
          {
            "b": "eng"
          },
          {
            "c": "DLC"
          },
          {
            "d": "OCL"
          },
          {
            "d": "MUQ"
          },
          {
            "d": "BTCTA"
          },
          {
            "d": "DEBBG"
          },
          {
            "d": "OCLCO"
          },
          {
            "d": "OCLCF"
          },
          {
            "d": "OCLCQ"
          },
          {
            "d": "OCLCO"
          },
          {
            "d": "SEO"
          },
          {
            "d": "YBM"
          },
          {
            "d": "VDB"
          },
          {
            "d": "OCLCO"
          }
        ]
      }
    },
    {
      "019": {
        "ind1": "\\",
        "ind2": "\\",
        "subfields": [
          {
            "a": "355695"
          },
          {
            "a": "1201590284"
          },
          {
            "a": "1201822060"
          },
          {
            "a": "1201844577"
          },
          {
            "a": "1201861194"
          }
        ]
      }
    },
    {
      "020": {
        "ind1": "\\",
        "ind2": "\\",
        "subfields": [
          {
            "a": "0671487515"
          }
        ]
      }
    },
    {
      "020": {
        "ind1": "\\",
        "ind2": "\\",
        "subfields": [
          {
            "a": "9780671487515"
          }
        ]
      }
    },
    {
      "035": {
        "ind1": "\\",
        "ind2": "\\",
        "subfields": [
          {
            "a": "(OCoLC)693520"
          },
          {
            "z": "(OCoLC)355695"
          },
          {
            "z": "(OCoLC)1201590284"
          },
          {
            "z": "(OCoLC)1201822060"
          },
          {
            "z": "(OCoLC)1201844577"
          },
          {
            "z": "(OCoLC)1201861194"
          }
        ]
      }
    },
    {
      "043": {
        "ind1": "\\",
        "ind2": "\\",
        "subfields": [
          {
            "a": "n-us---"
          }
        ]
      }
    },
    {
      "050": {
        "ind1": "0",
        "ind2": "0",
        "subfields": [
          {
            "a": "LA229"
          },
          {
            "b": ".D3"
          }
        ]
      }
    },
    {
      "082": {
        "ind1": "0",
        "ind2": "0",
        "subfields": [
          {
            "a": "378.19810973"
          },
          {
            "b": "DAN"
          }
        ]
      }
    },
    {
      "110": {
        "ind1": "2",
        "ind2": "\\",
        "subfields": [
          {
            "a": "Daniel Yankelovich, inc."
          }
        ]
      }
    },
    {
      "245": {
        "ind1": "1",
        "ind2": "4",
        "subfields": [
          {
            "a": "The changing values on campus: political and personal attitudes of today's college students :"
          },
          {
            "b": "a survey for the JDR 3rd Fund /"
          },
          {
            "c": "by Daniel Yankelovich, inc. Introduction by John D. Rockefeller 3d."
          }
        ]
      }
    },
    {
      "260": {
        "ind1": "\\",
        "ind2": "\\",
        "subfields": [
          {
            "a": "New York :"
          },
          {
            "b": "Washington Square Press,"
          },
          {
            "c": "[1972]"
          }
        ]
      }
    },
    {
      "300": {
        "ind1": "\\",
        "ind2": "\\",
        "subfields": [
          {
            "a": "x, 246 pages :"
          },
          {
            "b": "illustrations ;"
          },
          {
            "c": "21 cm."
          }
        ]
      }
    },
    {
      "336": {
        "ind1": "\\",
        "ind2": "\\",
        "subfields": [
          {
            "a": "text"
          },
          {
            "b": "txt"
          },
          {
            "2": "rdacontent"
          }
        ]
      }
    },
    {
      "337": {
        "ind1": "\\",
        "ind2": "\\",
        "subfields": [
          {
            "a": "unmediated"
          },
          {
            "b": "n"
          },
          {
            "2": "rdamedia"
          }
        ]
      }
    },
    {
      "338": {
        "ind1": "\\",
        "ind2": "\\",
        "subfields": [
          {
            "a": "volume"
          },
          {
            "b": "nc"
          },
          {
            "2": "rdacarrier"
          }
        ]
      }
    },
    {
      "490": {
        "ind1": "0",
        "ind2": "\\",
        "subfields": [
          {
            "a": "Pocket books"
          }
        ]
      }
    },
    {
      "504": {
        "ind1": "\\",
        "ind2": "\\",
        "subfields": [
          {
            "a": "Includes bibliographical references."
          }
        ]
      }
    },
    {
      "650": {
        "ind1": "\\",
        "ind2": "0",
        "subfields": [
          {
            "a": "College students"
          },
          {
            "z": "United States"
          },
          {
            "x": "Attitudes"
          },
          {
            "v": "Statistics."
          }
        ]
      }
    },
    {
      "650": {
        "ind1": "\\",
        "ind2": "7",
        "subfields": [
          {
            "a": "College students"
          },
          {
            "x": "Attitudes."
          },
          {
            "2": "fast"
          },
          {
            "0": "(OCoLC)fst00867980"
          }
        ]
      }
    },
    {
      "651": {
        "ind1": "\\",
        "ind2": "7",
        "subfields": [
          {
            "a": "United States."
          },
          {
            "2": "fast"
          },
          {
            "0": "(OCoLC)fst01204155"
          }
        ]
      }
    },
    {
      "655": {
        "ind1": "\\",
        "ind2": "7",
        "subfields": [
          {
            "a": "Statistics."
          },
          {
            "2": "fast"
          },
          {
            "0": "(OCoLC)fst01423727"
          }
        ]
      }
    },
    {
      "710": {
        "ind1": "2",
        "ind2": "\\",
        "subfields": [
          {
            "a": "JDR 3rd Fund."
          }
        ]
      }
    },
    {
      "776": {
        "ind1": "0",
        "ind2": "8",
        "subfields": [
          {
            "i": "Online version:"
          },
          {
            "a": "Daniel Yankelovich, inc."
          },
          {
            "t": "Changing values on campus: political and personal attitudes of today's college students."
          },
          {
            "d": "New York, Washington Square Press [1972]"
          },
          {
            "w": "(OCoLC)558456594"
          }
        ]
      }
    },
    {
      "776": {
        "ind1": "0",
        "ind2": "8",
        "subfields": [
          {
            "i": "Online version:"
          },
          {
            "a": "Daniel Yankelovich, inc."
          },
          {
            "t": "Changing values on campus: political and personal attitudes of today's college students."
          },
          {
            "d": "New York, Washington Square Press [1972]"
          },
          {
            "w": "(OCoLC)609350706"
          }
        ]
      }
    },
    {
      "994": {
        "ind1": "\\",
        "ind2": "\\",
        "subfields": [
          {
            "a": "Z0"
          },
          {
            "b": "NYRVC"
          }
        ]
      }
    },
    {
      "948": {
        "ind1": "\\",
        "ind2": "\\",
        "subfields": [
          {
            "h": "NO HOLDINGS IN NYRVC - 520 OTHER HOLDINGS"
          }
        ]
      }
    },
    {
      "999": {
        "ind1": "\\",
        "ind2": "\\",
        "subfields": [
          {
            "a": "00000000019897"
          }
        ]
      }
    }
  ]
}